<record><leader>00000cas a22000007a 4500</leader><controlfield tag="001">10985747</controlfield><controlfield tag="008">840725d1867187uinuwr ne      0    0eng d</controlfield><datafield ind1=" " ind2=" " tag="010"><subfield code="a">sn 84027270 </subfield></datafield><datafield ind1=" " ind2=" " tag="040"><subfield code="a">NPU</subfield><subfield code="b">eng</subfield><subfield code="c">NPU</subfield><subfield code="d">NPX</subfield><subfield code="d">IUL</subfield><subfield code="d">NPI</subfield><subfield code="d">OCLCQ</subfield></datafield><datafield ind1=" " ind2=" " tag="042"><subfield code="a">msc</subfield></datafield><datafield ind1="0" ind2=" " tag="130"><subfield code="a">Bloomfield Democrat (Bloomfield, Ind. : 1867)</subfield></datafield><datafield ind1="1" ind2="0" tag="245"><subfield code="a">Bloomfield Democrat.</subfield></datafield><datafield ind1=" " ind2=" " tag="260"><subfield code="a">Bloomfield, Ind. :</subfield><subfield code="b">Democrat Co.</subfield></datafield><datafield ind1=" " ind2=" " tag="310"><subfield code="a">Weekly</subfield></datafield><datafield ind1="1" ind2=" " tag="362"><subfield code="a">Began in 1867.</subfield></datafield><datafield ind1=" " ind2=" " tag="500"><subfield code="a">Editors: Harry Burns, J.R. Isenhower, &lt;1868&gt;.</subfield></datafield><datafield ind1=" " ind2=" " tag="588"><subfield code="a">Description based on: Vol. 1, no. 6 (Jan. 1, 1868).</subfield></datafield><datafield ind1=" " ind2=" " tag="752"><subfield code="a">United States</subfield><subfield code="b">Indiana</subfield><subfield code="c">Greene</subfield><subfield code="d">Bloomfield.</subfield></datafield><datafield ind1="0" ind2="0" tag="780"><subfield code="t">Southern Indianian (Bloomfield, Ind.)</subfield><subfield code="w">(DLC)sn 87056170</subfield></datafield><datafield ind1="0" ind2="0" tag="785"><subfield code="t">Bloomfield weekly Democrat</subfield><subfield code="w">(DLC)sn 84023869</subfield></datafield><datafield ind1="1" ind2=" " tag="029"><subfield code="a">AU@</subfield><subfield code="b">000025788403</subfield></datafield></record>